<?xml version="1.0" encoding="UTF-8"?><record xmlns="http://www.loc.gov/MARC21/slim" xmlns:cinclude="http://apache.org/cocoon/include/1.0" xmlns:zs="http://www.loc.gov/zing/srw/">
  <leader>00474nz  a2200133n  4500</leader>
  <controlfield tag="001">nr2003002253</controlfield>
  <controlfield tag="003">DLC</controlfield>
  <controlfield tag="005">20030124033134.0</controlfield>
  <controlfield tag="008">030123n| acannaabn          |a aaa     c</controlfield>
  <datafield tag="010" ind1=" " ind2=" ">
    <subfield code="a">nr2003002253</subfield>
  </datafield>
  <datafield tag="040" ind1=" " ind2=" ">
    <subfield code="a">CtY-Mus</subfield>
    <subfield code="b">eng</subfield>
    <subfield code="c">CtY-Mus</subfield>
  </datafield>
  <datafield tag="100" ind1="1" ind2=" ">
    <subfield code="a">Moulé, François-Xavier</subfield>
  </datafield>
  <datafield tag="400" ind1="1" ind2=" ">
    <subfield code="a">Moulé, F.-X.</subfield>
    <subfield code="q">(François-Xavier)</subfield>
  </datafield>
  <datafield tag="670" ind1=" " ind2=" ">
    <subfield code="a">Moulé, F.-X. A guide to the Duke Ellington recorded legacy on LPs and CDs, 1992- :</subfield>
    <subfield code="b">v. 1, t.p. (François-Xavier Moulé) spine (F.-X. Moulé)</subfield>
  </datafield>
</record>